@misc{perceptronAdeline,
  title = {{Single-Layer Neural Networks and Gradient Descent}},
  howpublished = {\url{https://sebastianraschka.com/Articles/2015_singlelayer_neurons.html}},
  note = {Aufgerufen am: 14-03-2020}
}

@misc{mpNeuron,
  title = {{McCulloch-Pitts Neuron}},
  howpublished = {\url{https://towardsdatascience.com/mcculloch-pitts-model-5fdf65ac5dd1}},
  note = {Aufgerufen am: 14-03-2020}
}

@BOOK{Freeman2006,
	AUTHOR = {Freeman, Eric AND Freeman, Elisabeth AND Sierra, Kathy AND Bates, Bert},
	YEAR = {2006},
	TITLE = {Entwurfsmuster von Kopf bis Fuß - },
	EDITION = {1. Aufl.},
	ISBN = {978-3-897-21421-7},
	PUBLISHER = {O'Reilly Germany},
	ADDRESS = {Köln},
}