% references.bib
@BOOK{testcite,
   author = "Mustermann Max and Kraut Karl",
   title = "Fixing Bibtex",
   publisher = "Springer",
   year = "2015"
}